<?xml version="1.0" encoding="UTF-8"?><collection xmlns="http://www.loc.gov/MARC21/slim"><record><leader>00452nam--2200169-i-4500</leader><controlfield tag="001">000003859</controlfield><controlfield tag="002">20161230</controlfield><controlfield tag="005">20170114003716</controlfield><controlfield tag="008">060222s1000------------r-----000-0-eng-d</controlfield><datafield ind1=" " ind2=" " tag="080"><subfield code="a">53:029.75</subfield></datafield><datafield ind1=" " ind2=" " tag="100"><subfield code="a">Bacinschi, A. I</subfield></datafield><datafield ind1=" " ind2=" " tag="245"><subfield code="a">Fizica. Manual pentru scoli profesionale. Traducere din limba rusa</subfield></datafield><datafield ind1=" " ind2=" " tag="260"><subfield code="a">Bucuresti</subfield><subfield code="b">Editura Tehnica</subfield><subfield code="c">1952</subfield></datafield><datafield ind1=" " ind2=" " tag="300"><subfield code="a">334 p</subfield></datafield><datafield ind1=" " ind2=" " tag="700"><subfield code="a">Iliasenco, S. M</subfield></datafield><datafield ind1=" " ind2=" " tag="852"><subfield code="a">6934</subfield></datafield><datafield ind1=" " ind2=" " tag="CAT"><subfield code="a">SYS</subfield><subfield code="c">20170114</subfield><subfield code="h">003716</subfield></datafield></record></collection>